<?xml version="1.0" encoding="UTF-8"?><collection xmlns="http://www.loc.gov/MARC21/slim"><record><leader>00420nam--2200157-i-4500</leader><controlfield tag="001">000040531</controlfield><controlfield tag="002">20161230</controlfield><controlfield tag="005">20161230201042</controlfield><controlfield tag="008">060222s1000------------r-----000-0-eng-d</controlfield><datafield ind1=" " ind2=" " tag="080"><subfield code="a">512:517.43</subfield></datafield><datafield ind1=" " ind2=" " tag="100"><subfield code="a">Schmeidler,Werner</subfield></datafield><datafield ind1=" " ind2=" " tag="245"><subfield code="a">Linear operators in hilbert space</subfield></datafield><datafield ind1=" " ind2=" " tag="260"><subfield code="a">New York, Academic Press, 1965. Ix + 122 P</subfield></datafield><datafield ind1=" " ind2=" " tag="490"><subfield code="a">Academic Paperbacks</subfield></datafield><datafield ind1=" " ind2=" " tag="852"><subfield code="a">24793</subfield><subfield code="c">512</subfield></datafield><datafield ind1=" " ind2=" " tag="CAT"><subfield code="a">Sys</subfield><subfield code="c">20080508</subfield><subfield code="h">123059</subfield></datafield></record></collection>